@misc{mainArticle,
    author       = {Luca De Feo and
		    Jean Kieffer and
		    Benjamin Smith},
    title        = {Towards practical key exchange from ordinary isogeny graphs},
    howpublished = {Cryptology ePrint Archive, Report 2018/485},
    year         = {2018},
    note         = {\url{https://ia.cr/2018/485}},
}
@article{Shor,
   title={Polynomial-Time Algorithms for Prime Factorization and Discrete Logarithms on a Quantum Computer},
   volume={26},
   ISSN={1095-7111},
   url={http://dx.doi.org/10.1137/S0097539795293172},
   DOI={10.1137/s0097539795293172},
   number={5},
   journal={SIAM Journal on Computing},
   publisher={Society for Industrial & Applied Mathematics (SIAM)},
   author={Shor, Peter W.},
   year={1997},
   month={Oct},
   pages={1484â€“1509} }
